@book{Coleman1974,
author = {Coleman, Rodney},
title = {{Stochastic processes}},
year = {1974}
}

@article{Ruiz2008,
author = {Ruiz, M and Boada, I and Viola, I and Bruckner, S and Feixas, M and Sbert, M},
journal = {Symposium A Quarterly Journal In Modern Foreign Literatures},
title = {{Obscurance-based Volume Rendering Framework}},
volume = {i},
year = {2008}
}

@misc{Halcon,
    author = "MVTec",
    title = "{MVTec Software GmbH HALCON â€“ The power of machine vision}",
    year = {(Accessed: June 2021)},
    note = {Available at \url{https://www.mvtec.com/products/halcon/}}
}